<record xmlns="http://www.loc.gov/MARC21/slim" xmlns:xsi="http://www.w3.org/2001/XMLSchema-instance" xsi:schemaLocation="http://www.loc.gov/MARC21/slim http://www.loc.gov/standards/marcxml/schema/MARC21slim.xsd">

  <leader>00490nam a2200169Ia 4500</leader>
  <controlfield tag="008">160125b1992    us ||||| |||| 00| | spa d</controlfield>
  <datafield ind2=" " tag="020" ind1=" ">
    <subfield code="a">950-16-0209-5</subfield>
  </datafield>
  <datafield ind1=" " tag="090" ind2=" ">
    <subfield code="a">05.03.01 </subfield>
    <subfield code="b">1807</subfield>
  </datafield>
  <datafield tag="100" ind2=" " ind1="1">
    <subfield code="a">Capra, Fritjof</subfield>
    <subfield code="9">1296</subfield>
  </datafield>
  <datafield ind2="3" tag="245" ind1="1">
    <subfield code="a">El punto crucial. Ciencia sociedad y cultura naciente</subfield>
  </datafield>
  <datafield ind1=" " tag="260" ind2=" ">
    <subfield code="a">Estados Unidos de América : </subfield>
    <subfield code="b">Editorial Estaciones, </subfield>
    <subfield code="c">1992</subfield>
  </datafield>
  <datafield ind2=" " tag="300" ind1=" ">
    <subfield code="a">514 páginas</subfield>
  </datafield>
  <datafield ind2="4" tag="650" ind1="1">
    <subfield code="a">SOCIEDAD </subfield>
    <subfield code="9">396</subfield>
  </datafield>
  <datafield ind1="1" tag="650" ind2="4">
    <subfield code="a">CIENCIA</subfield>
    <subfield code="9">890</subfield>
  </datafield>
  <datafield tag="650" ind2="4" ind1="1">
    <subfield code="a">CULTURA </subfield>
    <subfield code="9">378</subfield>
  </datafield>
  <datafield ind1=" " tag="942" ind2=" ">
    <subfield code="2">z</subfield>
    <subfield code="c">01</subfield>
  </datafield>
  <datafield tag="999" ind2=" " ind1=" ">
    <subfield code="c">327</subfield>
    <subfield code="d">327</subfield>
  </datafield>
</record>